@book{boldrini1980,
	author = {Boldrini, José Luiz and Sueli I. Rodrigues Costa and Vera Lúcia Figuereido and Henry G. Wetzler},
	title = {Algebra Linear},
	publisher = {Harbra},
	year = {1986},
	address = {São Paulo},
	edition = {3}
}

@book{ulhoa2018,
	author = {Ulhoa, Flávio Coelho and Louren{\c{c}}o, Mary Lilian},
	title = {Um Curso de Álgebra Linear},
	publisher = {EDUSP},
	year = {2018},
	address = {São Paulo},
	edition = {2}
}

@book{hoffman1979,
	author = {Hoffman, Kenneth and Kunze, Ray},
	title = {Álgebra Linear},
	publisher = {Livros Técnicos e Científicos},
	year = {1979},
	address = {Rio de Janeiro},
	edition = {2}
}

@book{steinbruch1987,
	title = {{\'A}lgebra Linear},
	author = {Steinbruch, A. and Winterle, P.},
	isbn = {9780074504123},
	url = {https://books.google.com.br/books?id=q36CPgAACAAJ},
	year = {1987},
	publisher = {Pearson Universidades}
}

@book{camargo2005,
	title = {Geometria analítica: um tratamento vetorial},
	author = {Ivan de Camargo and Paulo Boulos},
	isbn = {9788587918918},
	year = {2005},
	publisher = {Prentice Hall},
	address = {São Paulo}
}

@book{anton2010elementary,
	title={Elementary Linear Algebra},
	author={Anton, H.},
	isbn={9780470458211},
	lccn={2010000340},
	url={https://books.google.com.br/books?id=YmcQJoFyZ5gC},
	year={2010},
	publisher={John Wiley \& Sons}
}

@book{lang2003,
	title={{\'A}lgebra Linear},
	author={Serge Lang},
	isbn={9788573932539},
	year={2003},
	publisher={Ciência Moderna},
	address={Rio de Janeiro}
}

@mastersthesis{nogueira2013,
	author  = {Leonardo Bernardes Nogueira},
	title   = {Transforma{\c{c}}ões lineraes no plano e aplicações},
	school  = {Universidade Federal de Goiás, Instituo de Matemática e Estatística},
	year    = {2013}
}

@monography{sirlandro2017,
	author = {Sirlandro Rodrigues de Amorim},
	title = {Quatro aplica{\c{c}}ões da {\'a}lgebra linear na engenharia},
	school = {Universidade Federal de Alagoas},
	address = {Delmiro Gouveia - Alagoas},
	year = {2017}
}

@book{strang2010,
	title={{\'A}lgebra linear e suas aplica{\c{c}}{\~o}es},
	author={Strang, G.},
	isbn={9788522107445},
	url={https://books.google.com.br/books?id=T8QGRAAACAAJ},
	year={2010},
	publisher={Cengage Learning}
}

@book{pitombeira1971,
	title={Introdu{\c{c}}{\~a}o {\`a} {\'a}lgebra linear},
	author={de Carvalho, J.P.},
	lccn={74225139},
	series={Monograf{\'\i}as de matem{\'a}tica},
	url={https://books.google.com.br/books?id=CnIRHQAACAAJ},
	year={1971},
	publisher={Instituto de Matem{\'a}tica Pura e Aplicado}
}

@book{figueiredo2009,
	title={{\'A}lgebra linear I},
	volume = {1},
	author = {Luiz Manoel Figuereido},
	edition = {3},
	publiser = {Funda{\c{c}}ão CECIERJ},
	year = {2009},
	isbn = {8589200442}
}

@book{lay1999,
	title = {{\'A}lgebra linear e suas aplica{\c{c}}{\~o}es},
	author = {David C. Lay},
	isbn = {8521611560},
	year = {1999},
	edition = {2},
	publisher = {LTC},
	address = {Rio de Janeiro}
}

@inproceedings{souzasilzaeliza2017,
	author = {Eliza Souza Silva and Jeane do Socorro Costa da Silva},
	title = {Transforma{\c{c}}{\~o}es Lineares: Sequencia Didática e o Uso do Geogebra},
	booktitle = {VII CONGRESSO INTERNACIONAL DE ENSINO DA MATEMÁTICA},
	year = {2017},
	address = {Canoas - Rio Grande do Sul},
	organization = {ULBRA}
}

 @article{marins_savioli_2016,
 	  title={Pensamento matemático avançado manifestado em tarefas envolvendo transformações lineares},
 	  volume={22},
 	  ISSN={1516-7313},
 	  url={https://doi.org/10.1590/1516-731320160020013},
 	  DOI={10.1590/1516-731320160020013},
 	  number={2},
 	  journal={Ciência e Educa{\c{c}}{\~a}o (Bauru)},
 	  publisher={Programa de Pós-Graduação em Educação para a Ciência, Universidade Estadual Paulista (UNESP), Faculdade de Ciências, campus de Bauru.},
 	  author={Marins, Alessandra Senes and Savioli, Angela Marta Pereira das Dores},
 	  year={2016},
 	  month={Apr},
 	    pages={489–504} 
}

@misc{brasil_bncc2018,
	author = {BRASIL},
	publisher = {Ministério da Educa{\c{c}}ão},
	year = {2018},
	title = {Base Nacional Comum Curricular},
	address = {Brasília: MEC}
}

@article{pena2016,
	title = {Transforma{\c{c}}{\~o}es Lineares: Um texto para licenciatura em Matemática},
	year = {2016},
	author = {Pena, S. de M.; Moura, G.}
}

@phdthesis{eliza2015,
	author = {Eliza de Souza da Silva},
	school = {Pontifícia Universidade Católica de São Paulo},
	year = {2015},
	title = {Transforma{\c{c}}{\~o}es lineares em um curso de Licenciatura em Matemática: uma estratégia didática com uso de tecnologias digitais},
	address = {São Paulo},
	type = {Doutorado em Educa{\c{c}}{\~a}o}
}

@monography{helio2009,
	author = {Lúcio Hélio Oliveira da Silva},
	school = {Universidade Federal de Santa Catarina},
	title = {Transforma{\c{c}}{\~o}es Lineares e Isomorfismos: Um Exemplo em Criptografia},
	year = {2009},
	address = {Imperatriz - Maranhão}
}

@article{lecun2015,
	author = {LeCun, Y. and Bengio, Y. and Hinton, G.},
	title = {Deep Learning},
	journal = {Nature},
	volume = {521},
	number = {7553},
	pages = {436--444},
	year = {2015},
	month = {May},
	doi = {10.1038/nature14539},
}